<?xml version="1.0" encoding="UTF-8"?>
<collection xmlns:xsi="http://www.w3.org/2001/XMLSchema-instance" xsi:schemaLocation="http://www.loc.gov/MARC21/slim http://www.loc.gov/standards/marcxml/schema/MARC21slim.xsd" xmlns="http://www.loc.gov/MARC21/slim">
<record>
  <leader>01231cam a2200325 a 4500</leader>
  <controlfield tag="001">3063843</controlfield>
  <controlfield tag="003">NNC</controlfield>
  <controlfield tag="005">20151019143157.0</controlfield>
  <controlfield tag="008">920220s1945    ua a     b    001 0 ara  </controlfield>
  <datafield tag="010" ind1=" " ind2=" ">
    <subfield code="a">ne 74228683 </subfield>
  </datafield>
  <datafield tag="035" ind1=" " ind2=" ">
    <subfield code="a">(OCoLC)ocm25306661</subfield>
  </datafield>
  <datafield tag="035" ind1=" " ind2=" ">
    <subfield code="9">ATN5652CU</subfield>
  </datafield>
  <datafield tag="035" ind1=" " ind2=" ">
    <subfield code="a">(NNC)3063843</subfield>
  </datafield>
  <datafield tag="035" ind1=" " ind2=" ">
    <subfield code="a">3063843</subfield>
  </datafield>
  <datafield tag="040" ind1=" " ind2=" ">
    <subfield code="a">DLC</subfield>
    <subfield code="c">MBB</subfield>
    <subfield code="d">MBB</subfield>
    <subfield code="d">OCL</subfield>
    <subfield code="d">ZCU</subfield>
  </datafield>
  <datafield tag="041" ind1="1" ind2=" ">
    <subfield code="a">ara</subfield>
    <subfield code="h">per</subfield>
  </datafield>
  <datafield tag="050" ind1="0" ind2=" ">
    <subfield code="a">DS46</subfield>
    <subfield code="b">.N312 1945</subfield>
  </datafield>
  <datafield tag="099" ind1=" " ind2=" ">
    <subfield code="a">892.8N17</subfield>
    <subfield code="a">W</subfield>
  </datafield>
  <datafield tag="100" ind1="0" ind2=" ">
    <subfield code="a">Nāṣir-i Khusraw,</subfield>
    <subfield code="d">1004-approximately 1088.</subfield>
  </datafield>
  <datafield tag="240" ind1="1" ind2="0">
    <subfield code="a">Safarnāmah.</subfield>
    <subfield code="l">Arabic</subfield>
  </datafield>
  <datafield tag="245" ind1="1" ind2="0">
    <subfield code="a">Safarnāmah /</subfield>
    <subfield code="c">katabahu bi-al-lughah al-Fārsīyah Nāṣir-i Khusraw ʻulwī ; naqalahu ilá al-ʻArabīyah wa-qaddama li-hu wa-ʻaliqa ʻalīhu Yah̄yā al-Khashshāb.</subfield>
  </datafield>
  <datafield tag="250" ind1=" " ind2=" ">
    <subfield code="a">al-Ṭabʻah 1.</subfield>
  </datafield>
  <datafield tag="260" ind1=" " ind2=" ">
    <subfield code="a">al-Qāhirah :</subfield>
    <subfield code="b">Maʻhad al-Lughāt al-Sharqīyah, Kullīyat al-Adāb,</subfield>
    <subfield code="c">1945.</subfield>
  </datafield>
  <datafield tag="300" ind1=" " ind2=" ">
    <subfield code="a">24, 134 p. :</subfield>
    <subfield code="b">ill. ;</subfield>
    <subfield code="c">27 cm.</subfield>
  </datafield>
  <datafield tag="490" ind1="1" ind2=" ">
    <subfield code="a">Maṭbūʻāt Maʻhad al-Lughāt al-Sharqīyah ;</subfield>
    <subfield code="v">1</subfield>
  </datafield>
  <datafield tag="504" ind1=" " ind2=" ">
    <subfield code="a">Includes bibliographical references (p. [127]-130) and indexes.</subfield>
  </datafield>
  <datafield tag="651" ind1=" " ind2="0">
    <subfield code="a">Middle East</subfield>
    <subfield code="x">Description and travel.</subfield>
  </datafield>
  <datafield tag="700" ind1="1" ind2=" ">
    <subfield code="a">Khashshāb, Yaḥyá.</subfield>
  </datafield>
  <datafield tag="830" ind1=" " ind2="0">
    <subfield code="a">Maṭbūʻāt Maʻhad al-Lughāt al-Sharqīyah ;</subfield>
    <subfield code="v">1.</subfield>
  </datafield>
  <datafield tag="955" ind1=" " ind2=" ">
    <subfield code="b">CU10163999</subfield>
    <subfield code="d">off,glx</subfield>
    <subfield code="e">892.8N17 W</subfield>
  </datafield>
</record>
</collection>